@patent{svd-jlc,
  author = {谢菊兰 and 邓宇昊 and 冯雅栋 and 郭明宇 and 饶申宇 and 何子述},
  title = {一种高精度多点线性约束的自适应单脉冲测向方法},
  date = {2019年12月26日},
  type = {发明专利},
  country = {中国},
  id = {CN201911366666.8}
}

@patent{polar-ml,
  author = {谢菊兰 and 邓宇昊 and 郭明宇 and 冯雅栋 and 饶申宇},
  title = {未知极化参数的自适应单脉冲测向方法},
  date = {2020年9月22日},
  type = {发明专利},
  country = {中国},
  id = {CN202011002794.7}
}

@onlynote{zhangdianzikeji,
  note = {Yuhao Deng, Julan Xie. Monopulse Estimation of Unknown Polarization for 
          Conformal Phased Array with Arbitrarily Oriented Dipoles[J]. 
          EURASIP Journal on Advances in Signal Processing.（在投）}
}
