@ARTICLE{Taylor,  
    author  = {T. {Taylor}},  
    journal = {IRE Transactions on Antennas and Propagation},   
    title   = {Design of circular apertures for narrow beamwidth and low sidelobes},   
    year    = {1960},  
    volume  = {8},  
    number  = {1},  
    pages   = {17-22},  
}

@ARTICLE{Bayliss,  
    author  = {E. T. {Bayliss}},  
    journal = {The Bell System Technical Journal},   
    title   = {Design of monopulse antenna difference patterns with low sidelobes},   
    year    = {1968},  
    volume  = {47},  
    number  = {5},  
    pages   = {623-650},  
}

@ARTICLE{Davis,  
    author  = {R. C. {Davis} and L. E. {Brennan} and L. S. {Reed}},  
    journal = {IEEE Transactions on Aerospace and Electronic Systems},   
    title   = {Angle Estimation with Adaptive Arrays in External Noise Fields},   
    year    = {1976},  
    volume  = {AES-12},  
    number  = {2},  
    pages   = {179-186},  
}

@ARTICLE{Yu_01,  
    author  = { {Kai-Bor Yu} and D. J. {Murrow}},  
    journal = {IEEE Transactions on Aerospace and Electronic Systems},   
    title   = {Adaptive digital beamforming for angle estimation in jamming},   
    year    = {2001},  
    volume  = {37},  
    number  = {2},  
    pages   = {508-523},  
}

@ARTICLE{Nickel_93,
    author  = {U. Nickel},
    title   = {Monopulse estimation with adaptive arrays},
    journal = {IEE Proceedings F (Radar and Signal Processing)},  
    volume = {140},
    year = {1993},
    month = {October},
    pages = {303-308(5)},
}

@ARTICLE{Paine,
   author   = {A.S. Paine},
   title = {Minimum variance monopulse technique for an adaptive phased array radar},
   journal = {IEE Proceedings - Radar, Sonar and Navigation},   
   volume = {145},
   year = {1998},
   month = {December},
   pages = {374-380(6)},
}

@INPROCEEDINGS{Fernández,  
    author      = {M. F. {Fernández} and K. {Yu}},  
    booktitle   = {2015 IEEE Radar Conference (RadarCon)},   
    title       = {Blocking-matrix and quasimatrix techniques for 
                   extended-null insertion in antenna pattern synthesis},    
    year        = {2015},  
    volume      = {},  
    number      = {},  
    pages       = {0198-0203},  
}

@INPROCEEDINGS{Yu_16,  
    author      = {K. {Yu}},  
    booktitle   = {2016 CIE International Conference on Radar (RADAR)},   
    title       = {Orthogonal nulling of multiple jammers with monopulse preserving},   
    year        = {2016},  
    volume      = {},  
    number      = {},  
    pages       = {1-4},  
}

@INPROCEEDINGS{Yu_00,  
    author      = { {Kai-Bor Yu} and D. J. {Murrow}},  
    booktitle   = {Proceedings of the Tenth IEEE Workshop on Statistical Signal and Array Processing (Cat. No.00TH8496)},   
    title       = {Adaptive digital beamforming radar for monopulse angle estimation in jamming},   
    year        = {2000},  
    volume      = {},  
    number      = {},  
    pages       = {272-275},  
}

@INPROCEEDINGS{Yu_16,  
    author      = {K. {Yu}},  
    booktitle   = {2016 CIE International Conference on Radar (RADAR)},   
    title       = {Orthogonal nulling of multiple jammers with monopulse preserving},   
    year        = {2016},  
    volume      = {},  
    number      = {},  
    pages       = {1-4},  
}

@conference{liuxf2006,
  author = {Liu, X F and Wang, Bing Zhong and Shao, Wei and Wen Wang},
  title = {A marching-on-in-order scheme for exact attenuation constant extraction of lossy transmission lines},
  year = {2006},
  pages = {527-529},
  address = {Chengdu},
  booktitle = {China-Japan Joint Microwave Conference Proceedings}
}

@book{zhu1973wulixue,
  title = {物理学},
  author = {竺可桢},
  year = {1973},
  address = {北京},
  pages = {56-60},
  publisher = {科学出版社}
}

@thesis{chen2001hao,
  author = {陈念永},
  title = {毫米波细胞生物效应及抗肿瘤研究},
  institution = {电子科技大学},
  year = {2001},
  pages = {50-60},
  address = {成都}
}

@newspaper{gu2012lao,
  author = {顾春},
  title = {牢牢把握稳中求进的总基调},
  journal = {人民日报},
  date = {2012年3月31日}
}

@techreport{feng997he,
  author = {冯西桥},
  title = {核反应堆压力容器的{LBB}分析},
  institution = {清华大学核能技术设计研究院},
  date = {1997年6月25日},
  address = {北京}
}

@patent{xiao2012yi,
  author = {肖珍新},
  title = {一种新型排渣阀调节降温装置},
  date = {2012年4月25日},
  type = {实用新型专利},
  country = {中国},
  id = {ZL201120085830.0}
}

@standard{zhong1994zhong,
  institution = {中华人民共和国国家技术监督局},
  id = {GB3100-3102},
  title = {中华人民共和国国家标准--量与单位},
  publisher = {中国标准出版社},
  date = {1994年11月1日},
  address = {北京}
}

@digital{clerc2010discrete,
  author = {M. Clerc},
  title = {Discrete particle swarm optimization: a fuzzy combinatorial box},
  type = {EB/OL},
  date = {July 16, 2010},
  url = {http://clere.maurice.free.fr/pso/Fuzzy_Discrere_PSO/Fuzzy_DPSO.htm}
}
